@article {MR846601,
    AUTHOR = {Anick, David J.},
     TITLE = {On the homology of associative algebras},
   JOURNAL = {Trans. Amer. Math. Soc.},
  FJOURNAL = {Transactions of the American Mathematical Society},
    VOLUME = {296},
      YEAR = {1986},
    NUMBER = {2},
     PAGES = {641--659},
      ISSN = {0002-9947},
     CODEN = {TAMTAM},
   MRCLASS = {16A62 (13D03 55S10)},
  MRNUMBER = {846601},
MRREVIEWER = {V. P. Snaith},
       DOI = {10.2307/2000383},
       URL = {http://dx.doi.org/10.2307/2000383},
}

@book {MR1629216,
    AUTHOR = {Baader, Franz and Nipkow, Tobias},
     TITLE = {Term rewriting and all that},
 PUBLISHER = {Cambridge University Press, Cambridge},
      YEAR = {1998},
     PAGES = {xii+301},
      ISBN = {0-521-45520-0; 0-521-77920-0},
   MRCLASS = {68Q42 (03B35 08A70 68-02 68Q40)},
  MRNUMBER = {1629216},
MRREVIEWER = {Klaus Madlener},
       DOI = {10.1017/CBO9781139172752},
       URL = {http://dx.doi.org/10.1017/CBO9781139172752},
}

@article {MR1832913,
    AUTHOR = {Berger, Roland},
     TITLE = {Koszulity for nonquadratic algebras},
   JOURNAL = {J. Algebra},
  FJOURNAL = {Journal of Algebra},
    VOLUME = {239},
      YEAR = {2001},
    NUMBER = {2},
     PAGES = {705--734},
      ISSN = {0021-8693},
     CODEN = {JALGA4},
   MRCLASS = {16S37},
  MRNUMBER = {1832913},
MRREVIEWER = {Dmitriy A. Rumynin},
       DOI = {10.1006/jabr.2000.8703},
       URL = {http://dx.doi.org/10.1006/jabr.2000.8703},
}



@article {MR506890,
    AUTHOR = {Bergman, George M.},
     TITLE = {The diamond lemma for ring theory},
   JOURNAL = {Adv. in Math.},
  FJOURNAL = {Advances in Mathematics},
    VOLUME = {29},
      YEAR = {1978},
    NUMBER = {2},
     PAGES = {178--218},
      ISSN = {0001-8708},
     CODEN = {ADMTA4},
   MRCLASS = {16-02},
  MRNUMBER = {506890},
MRREVIEWER = {P. M. Cohn},
       DOI = {10.1016/0001-8708(78)90010-5},
       URL = {http://dx.doi.org/10.1016/0001-8708(78)90010-5},
}

@preamble{
   "\def\cprime{$'$} "
}
@article {MR0506423,
    AUTHOR = {Bokut{\cprime}, Leonid A.},
     TITLE = {Imbeddings into simple associative algebras},
   JOURNAL = {Algebra i Logika},
  FJOURNAL = {Akademiya Nauk SSSR. Sibirskoe Otdelenie. Institut Matematiki.
              Algebra i Logika},
    VOLUME = {15},
      YEAR = {1976},
    NUMBER = {2},
     PAGES = {117--142, 245},
      ISSN = {0373-9252},
   MRCLASS = {16A48},
  MRNUMBER = {0506423},
MRREVIEWER = {C. Nita},
}

@article {MR2110434,
    AUTHOR = {Kobayashi, Yuji},
     TITLE = {Gr\"obner bases of associative algebras and the {H}ochschild
              cohomology},
   JOURNAL = {Trans. Amer. Math. Soc.},
  FJOURNAL = {Transactions of the American Mathematical Society},
    VOLUME = {357},
      YEAR = {2005},
    NUMBER = {3},
     PAGES = {1095--1124},
      ISSN = {0002-9947},
     CODEN = {TAMTAM},
   MRCLASS = {16S15 (16E40)},
  MRNUMBER = {2110434},
MRREVIEWER = {Aleksandr A. Mikhalev},
       DOI = {10.1090/S0002-9947-04-03556-1},
       URL = {http://dx.doi.org/10.1090/S0002-9947-04-03556-1},
}

@article {MR1072284,
    AUTHOR = {Kobayashi, Yuji},
     TITLE = {Complete rewriting systems and homology of monoid algebras},
   JOURNAL = {J. Pure Appl. Algebra},
  FJOURNAL = {Journal of Pure and Applied Algebra},
    VOLUME = {65},
      YEAR = {1990},
    NUMBER = {3},
     PAGES = {263--275},
      ISSN = {0022-4049},
     CODEN = {JPAAA2},
   MRCLASS = {18B99 (16S99 20M25 68Q42)},
  MRNUMBER = {1072284 (92d:18003)},
MRREVIEWER = {H.-J. Hoehnke},
       DOI = {10.1016/0022-4049(90)90106-R},
       URL = {http://dx.doi.org/10.1016/0022-4049(90)90106-R},
}

@Inbook{Mell,
author="Melli{\`e}s, Paul-Andr{\'e}",
editor="Middeldorp, Aart
and van Oostrom, Vincent
and van Raamsdonk, Femke
and de Vrijer, Roel",
title="Axiomatic Rewriting Theory I: A Diagrammatic Standardization Theorem",
bookTitle="Processes, Terms and Cycles: Steps on the Road to Infinity: Essays Dedicated to Jan Willem Klop on the Occasion of His 60th Birthday",
year="2005",
publisher="Springer Berlin Heidelberg",
address="Berlin, Heidelberg",
pages="554--638",
isbn="978-3-540-32425-6",
doi="10.1007/11601548_23",
url="https://doi.org/10.1007/11601548_23"
}


@article {MR1299371,
    AUTHOR = {Mora, Teo},
     TITLE = {An introduction to commutative and noncommutative {G}r\"obner
              bases},
   JOURNAL = {Theoret. Comput. Sci.},
  FJOURNAL = {Theoretical Computer Science},
    VOLUME = {134},
      YEAR = {1994},
    NUMBER = {1},
     PAGES = {131--173},
      ISSN = {0304-3975},
     CODEN = {TCSDI},
   MRCLASS = {13P10 (16S36 20M25)},
  MRNUMBER = {1299371},
MRREVIEWER = {Franz Pauer},
       DOI = {10.1016/0304-3975(94)90283-6},
       URL = {http://dx.doi.org/10.1016/0304-3975(94)90283-6},
}

@article {MR0007372,
    AUTHOR = {Newman, Maxwell H. A.},
     TITLE = {On theories with a combinatorial definition of
              ``equivalence.''},
   JOURNAL = {Ann. of Math. (2)},
  FJOURNAL = {Annals of Mathematics. Second Series},
    VOLUME = {43},
      YEAR = {1942},
     PAGES = {223--243},
      ISSN = {0003-486X},
   MRCLASS = {02.0X},
  MRNUMBER = {0007372},
MRREVIEWER = {O. Ore},
}

@article {MR0265437,
    AUTHOR = {Priddy, Stewart B.},
     TITLE = {Koszul resolutions},
   JOURNAL = {Trans. Amer. Math. Soc.},
  FJOURNAL = {Transactions of the American Mathematical Society},
    VOLUME = {152},
      YEAR = {1970},
     PAGES = {39--60},
      ISSN = {0002-9947},
   MRCLASS = {18.20},
  MRNUMBER = {0265437},
MRREVIEWER = {A. K. Bousfield},
}

@incollection {MR2394773,
    AUTHOR = {Seiler, Werner M.},
     TITLE = {Spencer cohomology, differential equations, and {P}ommaret
              bases},
 BOOKTITLE = {Gr\"{o}bner bases in symbolic analysis},
    SERIES = {Radon Ser. Comput. Appl. Math.},
    VOLUME = {2},
     PAGES = {169--216},
 PUBLISHER = {Walter de Gruyter, Berlin},
      YEAR = {2007},
   MRCLASS = {58H10 (13D25 13P10 35A27)},
  MRNUMBER = {2394773},
MRREVIEWER = {Valery A. Yumaguzhin},
}
	@inproceedings{van2008confluence,
  title={Confluence by decreasing diagrams},
  author={Van Oostrom, Vincent},
  booktitle={International Conference on Rewriting Techniques and Applications},
  pages={306--320},
  year={2008},
  organization={Springer}
}

@techreport{cluzeau:hal-01413591,
  TITLE = {{Effective algebraic analysis approach to linear systems over Ore algebras}},
  AUTHOR = {Cluzeau, Thomas and Koutschan, Christoph and Quadrat, Alban and TÃµnso, Maris},
  URL = {https://hal.inria.fr/hal-01413591},
  TYPE = {Research Report},
  NUMBER = {RR-8999},
  PAGES = {42},
  INSTITUTION = {{Inria Lille - Nord Europe ; University of Limoges, France ; RICAM, Austrian Academy of Sciences ; Institute of Cybernetics, Tallinn University of Technology}},
  YEAR = {2016},
  MONTH = Dec,
  KEYWORDS = {Linear systems theory ; Control theory ; Algebraic analysis ; Computer algebra ; Th{\'e}orie des syst{\`e}mes lin{\'e}aires ; th{\'e}orie du contr{\^o}le ; analyse alg{\'e}brique ; calcul formel ; impl{\'e}mentation},
  PDF = {https://hal.inria.fr/hal-01413591/file/RR-8999.pdf},
  HAL_ID = {hal-01413591},
  HAL_VERSION = {v1},
}

@book {MR3532888,
    AUTHOR = {Janet, Maurice},
     TITLE = {Sur les syst\`emes d'\'{e}quations aux d\'{e}riv\'{e}es partielles},
 PUBLISHER = {NUMDAM, [place of publication not identified]},
      YEAR = {1920},
     PAGES = {91},
   MRCLASS = {Thesis},
  MRNUMBER = {3532888},
       URL = {http://www.numdam.org/item?id=THESE_1920__19__1_0},
}
	